2588 5026
268 573 335 663 ”8
600 567 960 639 ORIGENIS

267 688 393 769 ligeuter
405 681 593 768 intelligenda
604 684 653 746 illa
664 704 742 758 vox,
754 686 905 746 videamur.
922 680 1025 763 Quod
1039 681 1118 746 enim
1125 690 1222 750 mutual

267 782 403 852 videtur,
417 778 567 861 pulchrum
577 795 640 838 non
651 774 713 849 est,
727 778 836 861 quippe
845 776 929 860 quod
940 777 1092 858 opinione
1101 775 1221 840 solumstt

266 870 299 934 u
312 892 373 934 non
391 890 483 945 vere,
499 870 687 952 animumque
706 868 774 931 salsa
794 868 826 932 dt
848 869 930 930 inani
948 870 1083 952 imagine
1102 872 1226 954 decipiat.

267 963 528 1047 Quemadmodum
539 979 636 1026 autem
648 963 729 1046 liqui
743 961 855 1026 fabulas
867 963 897 1024 in
909 962 1037 1025 theatris
1050 982 1143 1047 agunt
1152 1010 1163 1040 ,
1172 983 1228 1026 nott

265 1057 295 1120 id
309 1057 372 1120 sunt
384 1057 465 1140 quod
477 1056 578 1118 dicunt
594 1101 604 1129 ,
617 1076 714 1138 neque
726 1056 808 1139 quod
821 1072 944 1139 propter
956 1055 1128 1139 impositam
1140 1055 1231 1140 perlo-

265 1170 334 1212 nam
345 1148 401 1213 esse
413 1149 567 1211 videntur:
581 1147 619 1211 stc
630 1152 806 1232 quicumque
817 1147 932 1211 honesti
941 1149 1039 1233 specie
1051 1166 1165 1212 tantum
1180 1169 1228 1213 ot·

265 1261 392 1317 nantur,
403 1262 464 1305 non
476 1241 542 1320 julli
557 1241 637 1317 suut,
650 1242 697 1304 sed
712 1241 831 1321 justitiae
842 1240 1016 1316 histriones,
1026 1244 1081 1324 qui
1094 1244 1126 1303 iu
1141 1241 1228 1305 suo&

263 1335 316 1421 ipfi
330 1336 446 1399 theatro
464 1352 576 1418 agunt,
594 1335 623 1396 in
639 1332 798 1419 synagogis
814 1334 923 1398 scilicet
935 1334 965 1396 u
982 1336 1103 1418 angulis
1123 1337 1229 1419 platea·

264 1450 340 1492 rum.
361 1431 418 1510 Qui
433 1448 509 1491 vero
520 1429 678 1510 hypocrita
690 1447 750 1490 nott
765 1427 825 1504 est,
841 1426 889 1490 sed
907 1428 1011 1490 alieno
1028 1429 1115 1491 omni
1127 1445 1229 1491 ornate

266 1521 400 1606 deposito
413 1521 463 1583 sibi
477 1520 527 1606 ipsi
539 1521 656 1604 placere
667 1519 762 1583 studet
773 1521 805 1582 in
817 1522 870 1584 illo
883 1521 1014 1595 theatro,
1021 1521 1105 1604 quod
1112 1522 1229 1605 prada

263 1616 302 1678 tis
323 1617 377 1676 illis
397 1615 485 1698 longe
503 1614 683 1696 praestantius
695 1612 750 1689 cll,
764 1614 789 1677 ia
803 1616 890 1677 intrat
901 1615 933 1675 in
945 1614 1120 1677 cubiculum
1136 1613 1228 1690 suum,

263 1710 314 1771 ubi
327 1727 433 1792 praeter
447 1705 599 1791 congestas
612 1708 730 1770 divitias
742 1727 808 1770 curn
818 1706 968 1790 sapientia
984 1706 1017 1768 δι
1033 1705 1167 1770 scientia
1183 1706 1227 1769 dui

264 1801 427 1864 thesaurum
439 1800 600 1873 incluserit,
613 1819 668 1862 nec
680 1798 762 1862 soras
773 1798 909 1884 respicit,
920 1819 976 1862 nec
989 1800 1087 1863 inhiat
1100 1801 1138 1863 ad
1152 1818 1226 1862 exte·

262 1892 548 1977 riora,occlus1sque
560 1894 697 1956 omnibus
704 1891 835 1955 sensuum
846 1893 942 1968 ostiis,
955 1912 994 1955 ne
1006 1893 1046 1954 ab
1058 1894 1119 1956 illis
1131 1886 1226 1956 distre·

262 1989 360 2063 hatur,
372 2005 422 2050 aut
430 2007 534 2049 eorum
547 1986 689 2069 imagines
700 1986 732 2046 in
743 1987 872 2049 animum
885 1985 1153 2061 intromittantur,
1165 2002 1225 2049 orat

261 2098 376 2165 patrem
389 2082 439 2162 qui
453 2078 652 2143 absconditum
665 2077 808 2159 ejusmodi
820 2099 875 2142 nec
887 2077 964 2161 sugit
979 2098 1037 2141 nec
1047 2077 1172 2155 deserit,
1182 2078 1222 2141 sed

68 2189 144 2245 lons.
154 2204 190 2258 ¹4
207 2209 247 2265 ²3·
262 2173 353 2258 ipsum
372 2174 529 2247 inhabitat,
540 2171 695 2254 unigenito
707 2172 798 2234 etiam
811 2173 977 2234 comitatus.
989 2176 1053 2255 Ego
1065 2175 1137 2232 mim
1148 2175 1223 2256 &pa-

261 2288 301 2330 ter
312 2269 365 2342 ait,
376 2270 414 2327 ad
426 2288 483 2327 cum
493 2268 627 2325 veniemus
639 2265 666 2326 st
678 2266 831 2343 manfionem
849 2268 925 2348 apud
939 2288 996 2326 eum
1005 2265 1156 2346 faciemus.
1167 2264 1222 2327 Pu·

263 2383 333 2426 num
347 2359 387 2423 est
400 2380 472 2434 nos,
484 2358 504 2421 st
517 2357 555 2420 fic
567 2377 703 2432 oremus,
715 2356 1031 2440 postulaturosjullum
1048 2376 1114 2420 non
1129 2357 1220 2420 Deum

262 2449 1221 2536 mmm,std&pmmmqmnoeummefflmsmmdmdmmh

263 2549 311 2612 sed
328 2551 358 2610 in
375 2545 546 2609 abscondito
558 2544 660 2607 nostro
682 2542 761 2607 adell
779 2544 909 2626 illudque
931 2542 1067 2627 inspicit,
1084 2560 1223 2626 augetque

264 2645 345 2705 bona
355 2642 384 2701 in
398 2640 534 2702 cubiculo
546 2636 651 2700 nostro
661 2638 829 2715 recondita,
844 2636 972 2701 simodo
982 2636 1049 2719 ejus
1058 2634 1165 2701 ostium
1176 2652 1222 2711 oc·¹

266 2735 443 2799 chstnmus

314 2850 366 2890 21.
381 2825 530 2888 Caeterum
540 2840 659 2887 orantes
671 2842 732 2886 non
744 2822 860 2897 inania,
873 2819 920 2885 sed
933 2822 1022 2905 digne
1034 2823 1109 2886 Deo
1122 2823 1222 2907 loque²

265 2943 339 2986 mur.
353 2919 516 3002 Loquimur
527 2937 707 2981 autemvana
718 2965 727 2994 ,
740 2936 807 2979 cum
816 2935 913 2999 neque
921 2915 1125 3000 nosmetipsos,
1134 2933 1225 2999 neque

266 3013 383 3080 emilius
400 3015 417 3078 a
435 3014 519 3076 nobis
533 3013 714 3087 irroratione
729 3008 877 3074 sermones
893 3007 995 3072 severe
1009 3011 1224 3083 examinamus.

267 3112 315 3173 sed
332 3111 369 3170 de
385 3109 471 3171 rebus
487 3107 633 3189 corruptis
649 3106 818 3190 loquimur,
839 3120 889 3167 aut
903 3099 1056 3165 sermones
1073 3101 1106 3164 ἃ
1117 3105 1224 3186 cogita-

267 3205 365 3266 tiones
374 3200 550 3283 proferimus
559 3197 686 3277 abjectas
696 3219 732 3262 ac
747 3193 974 3281 reprehensione
983 3195 1101 3278 dignas,
1110 3193 1226 3260 alienas·

268 3316 327 3379 que
339 3298 355 3357 d
368 3295 491 3356 Domini
503 3292 639 3375 puritate.
657 3291 721 3353 lam
731 3291 780 3372 qui
794 3290 824 3350 in
837 3290 976 3352 oratione
991 3308 1070 3352 vana
1080 3290 1227 3372 loquitur,

268 3390 366 3472 pejori
375 3389 476 3449 habitu
487 3384 547 3459 est,
560 3403 647 3465 quam
658 3403 734 3465 quos
747 3381 832 3465 supra
842 3384 965 3445 diximus
972 3380 1105 3445 addicitis
1116 3378 1173 3445 effe
1181 3380 1229 3462 sy·⁴

269 3467 413 3565 nagogae,
424 3480 532 3561 viaque
543 3477 652 3538 incedit
663 3475 819 3538 difficiliori
835 3476 950 3561 angulis
964 3476 1149 3557 platearum:
1163 3493 1227 3538 cum

270 3597 308 3639 ue
322 3575 475 3656 vestigium
483 3570 599 3653 quidem
607 3568 780 3633 boniservet
788 3572 837 3633 vel
844 3568 993 3652 lingendo.
1010 3567 1072 3632 Soli
1079 3568 1235 3637 enimEthi

270 3664 626 3749 nicijuxtaEvangelicum
636 3680 749 3726 textum
758 3664 1022 3746 vanaloquuntur,
1036 3681 1105 3725 cum
1112 3679 1230 3744 magna·

270 3782 335 3824 rum
349 3780 383 3822 ac
396 3757 557 3820 coeleliium
567 3758 740 3842 petitionum
749 3758 922 3820 nehabeant
934 3755 1052 3838 quidem
1062 3757 1227 3830 notionem,

269 3847 1229 3934 sedorationemomnemdecorporeisexternisquerebussaciant:

269 3950 311 4012 ita
323 3964 355 4010 ut
367 3947 493 4008 Ethnico
510 3964 587 4006 vana
602 3946 736 4024 loquenti
745 3943 850 4026 sssrmilis
861 3942 895 4005 stt
907 3944 958 4025 qui
975 3940 1118 4005 inferiora
1130 3940 1231 4025 petiti

270 4035 1237 4119 Dominocoelos&quaeexcelsacoelorumsuperant,inhal>itante.

269 4127 1230 4212 ffimfflmvfflwdstmmsswmumfflamw

269 4229 343 4292 nihil
353 4228 430 4289 eninr
441 4223 482 4288 est
495 4244 584 4286 unum
595 4223 625 4284 in
634 4222 756 4284 materia
768 4223 797 4283 u
808 4223 1000 4304 corporibus,
1014 4220 1060 4282 sed
1072 4221 1232 4303 quodcum·

269 4311 1229 4405 mmmmmmnstfflmffl&fflffimmmdfflmm

268 4420 300 4481 itt
309 4418 392 4502 plura
406 4433 476 4498 quae
495 4412 636 4476 unitatem
649 4408 816 4474 amiserunt.
835 4409 936 4474 Unum
949 4408 1027 4472 enim
1044 4406 1085 4471 eli
1102 4408 1233 4495 bonum,
