2688 4614
362 193 432 271 314
670 191 1045 282 ‚nements

358 292 524 378 reperiatur
545 297 647 382 aliquis
673 305 721 386 qui
744 309 909 371 orationem
930 312 1070 393 repudiet.
1090 307 1285 378 Est-eninhaec

357 385 498 450 sententia
514 409 563 452 aut
579 413 681 456 eorum
697 399 745 478 qui
761 401 883 462 omnino
897 401 957 464 fine
972 403 1042 466 Deo
1066 402 1140 480 sant,
1156 406 1285 488 Deumque

357 474 414 540 esse
427 499 554 563 negent,
570 505 621 547 aur
631 489 680 568 qui
689 494 808 554 nomine
820 510 904 557 tenus
913 495 1010 558 Deum
1019 516 1149 580 ponant,
1165 498 1209 580 ipfi
1223 519 1284 560 vero

356 569 714 652 providentiamadintant.
726 582 789 646 Janr
802 602 898 648 tamen
914 588 1075 650 adversaria
1095 589 1213 672 potestas
1231 611 1283 652 cun

355 665 430 746 veii‘r
441 667 594 746 impiissima
604 691 729 755 quaeque
737 675 872 758 dogmata
887 679 994 742 Christi
1015 683 1128 744 nomini
1148 703 1283 766 preterete

356 754 554 842 dosirinaeque
576 762 627 824 filii
648 765 724 842 Dei,
740 769 828 832 etiam
845 790 908 833 non
932 767 988 835 esse
1019 776 1161 836 orandum
1189 775 1283 838 suadere

355 848 494 928 quosdam
508 855 710 938 potuit.Cujus
723 859 871 926 sententiae
884 866 972 928 duces
981 863 1003 927 ii
1014 865 1077 929 sunt
1087 870 1135 949 qui
1161 888 1203 930 res
1217 866 1282 929 sens·

356 939 430 1003 biles
437 943 543 1006 tollunt
554 949 696 1026 omnino,
710 954 760 1035 qui
773 974 826 1018 nec
839 956 979 1038 baptismo
988 975 1112 1022 utuntur
1127 980 1181 1022 nec
1192 962 1281 1023 Eucha-

357 1031 459 1106 risiia,
476 1035 680 1124 scripturasque
692 1047 924 1110 cavillationibus
943 1049 998 1112 suis
1015 1052 1207 1136 detorquent,
1222 1051 1281 1134 quas

355 1143 420 1186 non
438 1127 578 1208 ejusmodi
595 1138 759 1200 orationem
773 1141 884 1215 velint,
898 1140 945 1205 sed
961 1144 1039 1206 aliud
1061 1143 1142 1208 sensu
1155 1146 1234 1228 longe
1249 1145 1280 1205 di·

356 1217 443 1281 verso
454 1221 587 1286 doceant.
607 1229 663 1290 Hae
681 1249 778 1294 autern
790 1230 904 1315 possunt
915 1243 1018 1298 eorum
1033 1235 1226 1300 esse‘rationes
1245 1237 1281 1319 qui

355 1330 457 1394 preces
467 1318 633 1399 repudiant,
654 1323 791 1388 &tamen
802 1325 901 1389 Deum
914 1327 1056 1396 universas
1081 1327 1280 1412 ptaeessedicunt

355 1401 387 1462 dt
399 1409 612 1486 providentiam
624 1411 763 1479 asserunt:
776 1424 870 1500 neque
883 1423 959 1483 eninr
980 1441 1058 1485 nunc
1073 1422 1241 1506 propositum
1252 1420 1280 1482 esi

335 1539 338 1546 .
355 1513 460 1560 eorum
474 1501 546 1564 disin
557 1524 694 1570 excutere
715 1511 763 1590 qui
774 1510 873 1574 Deum
884 1515 1007 1576 omnino
1028 1531 1077 1577 aut
1091 1516 1279 1600 providentiam

355 1589 471 1652 tollunt.
484 1593 568 1658 Deus
576 1601 673 1661 omnia
688 1603 774 1665 novit
794 1625 946 1687 antequam
967 1605 1058 1682 fiant,
1078 1610 1280 1690 necquicquam

354 1685 548 1775 cumvexistit,
568 1690 636 1752 ideo
644 1695 766 1776 primum
785 1697 939 1761 innotescit
953 1699 1005 1782 ipsi
1016 1702 1096 1782 quod
1109 1700 1203 1764 exiliat
1219 1696 1280 1782 quas

253 1768 257 1780 “
356 1791 418 1834 non
443 1796 512 1841 ante
530 1785 690 1865 cognitum.
705 1788 790 1870 Quid
808 1791 897 1873 igitur
919 1811 992 1875 opus
1011 1792 1052 1854 est
1067 1813 1167 1876 preces
1187 1795 1218 1856 ad
1228 1812 1278 1853 eun

355 1869 469 1931 mittere
478 1873 526 1953 qui
535 1893 687 1958 antequam
704 1887 821 1945 oremui
846 1883 897 1947 scit
915 1887 1019 1966 quibus
1034 1885 1279 1969 indigeamusidrit

353 1963 422 2020 enim
441 1961 519 2046 pater
532 1971 638 2052 coelestis
652 1975 718 2053 quid
728 1997 794 2055 opus
802 1979 841 2055 fit
856 1981 933 2039 nobis
947 1998 1086 2060 antequam
1102 1998 1216 2064 petamus
1232 2000 1280 2037 run.

354 2053 482 2135 AEquum
492 2058 532 2120 est
541 2080 637 2126 autent
645 2085 710 2126 eum
725 2071 774 2149 qui
787 2069 816 2129 dt
834 2087 916 2152 patet
934 2072 1063 2132 omnium
1076 2072 1107 2133 dt
1129 2070 1221 2154 opifex
1233 2068 1279 2142 esi,

355 2150 495 2230 diligitque
504 2158 592 2215 omnia
611 2181 669 2236 qun
678 2159 742 2238 sunt
759 2205 768 2234 ,
785 2163 812 2222 d·
832 2166 902 2224 nisit
916 2167 974 2225 odit
992 2187 1077 2224 eorum
1094 2187 1151 2244 qun
1170 2160 1279 2246 secuda·

354 2239 547 2326 subriterquae
557 2250 592 2309 ad
604 2249 731 2333 singulos
739 2256 862 2317 attinent
876 2255 1060 2322 etiamsinon
1076 2275 1182 2332 orent,
1193 2255 1278 2338 dispen-

354 2329 436 2408 sare,
453 2340 540 2417 patris
556 2361 640 2404 more
656 2347 784 2426 quicum
799 2347 925 2412 infantes
942 2350 1017 2432 regit
1029 2395 1038 2426 ,
1051 2368 1112 2412 non
1123 2370 1220 2412 eorum
1231 2367 1279 2430 pte·

352 2443 404 2486 ces
415 2429 547 2510 expediat
564 2437 613 2514 qui
627 2439 674 2498 vei
693 2441 817 2502 omnino
834 2459 935 2522 petere
952 2461 1012 2527 pon
1024 2440 1162 2526 possunt,
1182 2443 1278 2522 i'²¹1³‘ae

354 2517 466 2583 inscitia
483 2522 557 2606 saepe
575 2548 621 2590 res
635 2531 751 2594 utilibus
773 2533 1004 2617 opportunisque
1027 2538 1187 2598 contrarias
1198 2551 1277 2616 capere

353 2613 470 2678 volunt.
486 2615 552 2680 Plus
575 2641 671 2684 aurem
692 2643 747 2686 nos
761 2625 894 2689 homines
914 2627 931 2688 a
950 2626 1012 2689 Dei
1042 2647 1142 2691 mente
1171 2625 1277 2689 disiamus

300 2757 303 2766 .
352 2723 439 2785 quam
456 2710 513 2772 ulla
525 2732 683 2792 puerorum
694 2715 814 2780 infantia
831 2719 847 2780 d
864 2739 961 2782 niente
982 2737 1142 2802 parentum.
1158 2719 1277 2784 Credibile

351 2796 503 2862 cstDeum
524 2825 585 2866 non
608 2809 771 2890 previdere
787 2810 898 2873 tantum
919 2833 984 2894 quae
1004 2811 1099 2874 sutura
1115 2812 1194 2888 sunt,
1207 2809 1277 2873 set&

352 2895 564 2971 praeordinate‚
583 2919 637 2962 nec
649 2904 802 2984 quicquam
810 2905 941 2972 accidere
951 2922 1095 2987 praterea
1106 2927 1172 2990 quae
1186 2906 1219 2972 ab
1233 2900 1277 2986 ipso

352 2984 432 3063 prius
440 2987 571 3052 ordinata
580 2989 652 3056 sunt.
668 2995 709 3056 Ut
725 2995 839 3078 igiturfi
849 2997 916 3077 quis
928 2999 1001 3058 oriri
1017 2996 1105 3060 solent
1116 3013 1278 3082 precaretur,

351 3071 452 3138 stultus
466 3079 622 3146 haberetur
638 3107 702 3148 curn
713 3089 743 3148 id
757 3086 812 3149 suis
830 3090 907 3152 effici
922 3090 1057 3172 precibus
1075 3107 1198 3173 peteret,
1219 3087 1277 3170 quos

351 3169 439 3231 etiam
463 3170 522 3235 fine
542 3178 674 3256 precibus
692 3179 819 3243 futurum
837 3199 918 3244 erat:
930 3182 969 3244 stc
980 3201 1080 3245 amens
1095 3183 1146 3254 isle
1164 3183 1232 3247 foret
1243 3179 1280 3262 qui

274 3309 276 3311 .
293 3328 297 3335 ¹
351 3280 472 3345 propter
480 3270 643 3332 orationem
653 3271 731 3334 suam
741 3272 804 3335 sieri
821 3292 954 3357 putaret,
975 3269 1279 3358 quod,ets1nonous·

351 3351 411 3429 set,
427 3360 551 3422 omnino
563 3360 770 3438 futurumerat.
783 3367 892 3430 Rursus
914 3387 945 3430 ut
962 3388 1081 3428 omnem
1100 3368 1149 3430 iile
1168 3366 1278 3428 insaniam

351 3449 507 3514 excederet
533 3455 609 3536 qni,
636 3459 714 3540 quod
739 3458 781 3520 sol
805 3461 835 3520 in
858 3459 960 3523 aetttvo
979 3459 1102 3521 solstitio
1122 3455 1280 3523 molesiussu

353 3540 505 3620 diadum,
519 3550 653 3630 precibus
669 3550 724 3613 suis
736 3553 949 3633 putaretsolem
959 3553 995 3614 ad
1008 3571 1101 3613 verna
1114 3552 1189 3636 signa
1203 3547 1272 3612 trans·

352 3632 529 3713 serendum,
557 3655 589 3702 ut
624 3642 682 3726 ipse
704 3648 859 3708 commoda
874 3645 987 3727 fruatur
1005 3646 1080 3706 aeris
1099 3639 1277 3740 temperie:sc

351 3747 419 3808 quae
428 3729 553 3792 humano
566 3737 666 3814 generi
675 3737 861 3800 incommoda
881 3733 1039 3804 necessario
1051 3738 1188 3800 accidunt
1201 3736 1218 3798 st
1232 3749 1277 3815 qur

353 3823 559 3904 precibussieri
570 3827 737 3910 putatposse
748 3849 784 3890 ne
795 3831 939 3911 patiatur,
951 3849 1069 3892 omnem
1085 3830 1134 3891 ille
1149 3829 1276 3912 superave-

162 3877 328 4010 24221'1⁴}5
354 3916 392 3976 rit
405 3913 550 3977 insaniam.
565 3919 659 3998 Quod
680 3919 1074 4005 stalienatifuntpeccatoresci
1097 3925 1195 3994 vulva,
1221 3915 1277 4018 &sf‘

162 4012 236 4064 Rom.
255 3986 287 4076 9.‘
300 4031 341 4072 ιι.
353 4007 535 4090 gregatusesi
543 4009 632 4091 jussus
650 4033 763 4079 exurere
772 4020 864 4080 matris
874 4016 924 4089 ;&
937 4063 948 4094 1,
967 4017 1029 4078 Cum
1044 4019 1158 4078 nondum
1173 4005 1277 4094 caristus·
