2588 5026
233 567 304 654 37⁶
534 558 885 629 ontctuts

222 674 353 751 evulsae,
373 673 454 757 quod
463 670 597 736 esurienti
613 671 731 735 Christo
750 670 880 735 fruflum
895 688 960 733 non
977 667 1103 745 dederit,
1119 675 1171 739 tte*

222 766 312 841 fiant,
327 766 357 828 δι
366 766 386 827 lt
396 765 543 848 paululum
555 764 624 845 quid
636 763 766 828 vivilicae
775 761 930 849 perfidem
942 765 1070 825 virtutis
1081 764 1169 829 lebtr-

224 863 306 933 rint‚
324 879 360 920 ea
372 861 533 939 priventur.
555 857 631 918 Haec
643 857 710 918 milti
724 852 889 919 neceffario
908 853 1015 917 dixiffe
1028 856 1128 917 videor
1135 858 1175 920 lo·

225 970 293 1013 eum
302 951 448 1012 orationis
458 951 606 1011 excutiens
614 995 624 1024 ,
633 949 874 1032 praecipuumque
880 946 1012 1009 statuens
1024 945 1084 1009 effe
1093 949 1177 1013 locum

230 1041 395 1106 lanborum
415 1057 594 1104 conventum
612 1042 660 1124 pie
675 1040 758 1102 fimul
777 1041 807 1102 in
822 1038 984 1102 Ecclestam
1008 1042 1180 1105 coeuntium.

276 1156 327 1219 3²·
340 1134 403 1194 lam
416 1135 452 1195 de
465 1151 547 1217 parte
569 1133 685 1205 mundi,
698 1134 728 1193 in
744 1152 829 1215 quam
848 1130 1039 1214 respiciendo
1051 1132 1181 1196 omnum

226 1226 284 1299 stt,
298 1245 388 1307 pauca
397 1225 516 1287 dicenda
529 1224 599 1288 sunt.
613 1225 688 1288 Cum
701 1242 798 1288 autern
814 1243 947 1307 quatuor
960 1224 1019 1286 lint
1028 1244 1141 1308 parter.
1150 1225 1180 1287 al

229 1320 476 1400 septentrionem,
493 1318 530 1378 ad
554 1319 722 1392 meridiem,
738 1319 773 1380 ad
791 1315 926 1380 occasum
941 1363 952 1391 ,
965 1317 998 1378 δι
1015 1318 1053 1378 ad
1070 1334 1181 1392 ortum,

227 1414 294 1491 quis
303 1429 364 1470 non
376 1410 469 1471 statim
488 1410 612 1472 fateatur
633 1428 730 1473 ortum
751 1408 899 1491 perspicue
911 1409 1185 1473 indicateillucnm

228 1501 392 1582 symbolice
401 1501 561 1564 conversos
575 1503 687 1578 ,anima
695 1504 759 1563 veri
767 1503 884 1563 luminis
903 1518 1009 1563 ortum
1024 1501 1121 1563 veluti
1135 1498 1185 1563 tel·

228 1594 357 1678 piciente
368 1639 379 1669 ‚
390 1613 477 1655 orare
488 1594 605 1656 debere.
613 1594 710 1677 Quod
719 1592 740 1655 st
749 1595 814 1675 quis
824 1595 853 1654 in
860 1594 1002 1674 quamvis
1016 1611 1129 1675 partem
1139 1594 1187 1655 ob·

229 1683 632 1759 versudomusostiis,i11ac
646 1687 727 1747 malit
741 1706 797 1768 qua
813 1685 892 1746 ardes
904 1702 1012 1767 patent
1032 1705 1137 1767 preces
1145 1682 1187 1747 ol·

229 1776 310 1840 {erre
320 1821 331 1850 ‚
343 1777 481 1859 dicatque
497 1778 566 1838 coeli
579 1776 760 1860 prol'pebluut
773 1778 880 1839 babere
896 1776 1002 1839 nescio
1015 1777 1091 1859 quid
1116 1776 1187 1860 quod

230 1870 322 1950 magis
336 1867 410 1930 adse
425 1887 591 1951 provocet,
608 1889 696 1951 quam
713 1868 860 1947 objebium
882 1870 1030 1951 parietem
1044 1890 1055 1943 ;
1076 1866 1186 1951 respou-

231 1961 358 2022 dendum
371 1961 521 2023 bominum
531 1960 665 2022 instituto
680 1961 711 2021 in
723 1962 797 2022 hanc
808 1961 856 2022 vel
866 1960 897 2020 iu
911 1962 992 2021 illam
1006 1962 1113 2022 mundi
1128 1980 1187 2042 par·

232 2068 310 2122 tem,
322 2052 445 2114 aedificia
457 2072 577 2133 patere;
590 2069 691 2114 natura
703 2070 801 2114 autem
811 2053 958 2114 orientem
977 2053 1101 2134 reliquis
1114 2050 1188 2135 pres

233 2160 299 2204 tare
311 2145 379 2204 coeli
391 2146 519 2226 partibus
533 2167 541 2202 ε
555 2163 645 2225 quare
657 2147 739 2224 quod
754 2162 856 2206 natura
868 2144 933 2218 est,
956 2145 985 2205 ei
999 2145 1087 2226 quod
1108 2141 1147 2204 ess
1157 2164 1189 2205 er

232 2233 368 2297 instituto
380 2237 621 2318 praeponendum.
638 2234 760 2318 Alioqui
770 2239 821 2319 qui
832 2238 862 2297 in
876 2255 988 2320 campo
1009 2239 1190 2311 vultorate,

234 2327 307 2408 quid
320 2327 360 2389 etl
370 2329 449 2405 juxta
462 2330 539 2389 illam
550 2330 691 2390 rationem
713 2349 765 2391 cut
778 2330 972 2392 adorientem
986 2331 1091 2412 potius
1107 2348 1188 2413 quam

235 2420 275 2481 ad
286 2421 469 2483 occidentem
479 2439 547 2483 orer
557 2420 568 2480 ἓ
577 2421 627 2483 Sin
640 2422 681 2482 ibi
698 2423 842 2483 orientem
856 2424 990 2502 praeponi
1002 2423 1087 2485 ratio
1098 2420 1192 2504 pollo,

234 2514 279 2575 lat
288 2558 298 2586 ,
307 2533 358 2574 cur
371 2533 431 2574 non
445 2513 475 2573 id
487 2515 597 2594 ubique
606 2512 772 2576 faciendum
782 2516 795 2576 ἓ
806 2534 839 2575 ac
850 2513 885 2574 de
896 2515 941 2574 his
951 2512 1107 2578 haeream.

287 2627 337 2687 33.
349 2604 398 2666 De
408 2606 535 2686 patribus
546 2607 690 2666 orationis
702 2626 766 2667 cum
785 2607 879 2667 adhuc
895 2605 1090 2679 ttalbavero,
1108 2605 1188 2668 finem

235 2696 366 2758 arbitror
378 2698 490 2757 dicendi
504 2696 678 2758 faciendum.
700 2698 843 2759 Videntur
861 2716 959 2758 autem
979 2699 1051 2760 mihi
1068 2716 1187 2782 quatuor

235 2785 433 2848 describenda
444 2803 540 2870 partes
549 2807 621 2870 quas
633 2787 767 2871 dispersas
777 2791 805 2848 in
816 2788 964 2871 scripturis
975 2793 1075 2874 reperi
1089 2838 1099 2865 ‚
1112 2793 1142 2854 bt
1156 2789 1188 2852 atl

235 2879 349 2940 illarum
367 2883 529 2965 exemplum
543 2883 639 2942 oratio
660 2881 814 2963 unicuique
833 2883 972 2942 inunum
994 2883 1188 2967 corpusredi·

235 2972 424 3053 gendaSunt
436 2994 532 3035 aurem
546 2976 591 3036 hae
603 2991 699 3056 partes
713 2973 862 3054 ejusmodi.
873 2973 933 3034 Pro
942 2975 1058 3038 viribus
1070 2977 1103 3036 in
1117 2977 1188 3057 prin·

236 3064 319 3144 cipio
329 3083 417 3148 atque
429 3069 555 3129 exordio
564 3068 708 3129 orationis
726 3068 817 3149 gloria
840 3066 983 3127 reddenda
998 3067 1041 3128 est
1055 3067 1129 3130 Deo
1146 3085 1191 3149 ptr

238 3156 390 3220 Christum
413 3159 665 3242 conglorificatum
692 3159 721 3220 in
751 3156 847 3220 sanelo
874 3157 982 3239 Spiritu
1014 3159 1190 3221 collaudato.

239 3248 344 3311 Postea
357 3253 503 3313 collocare
517 3254 614 3334 quivis
635 3251 722 3311 debet
741 3251 898 3331 gratiarum
911 3249 1042 3312 afflones
1060 3271 1193 3313 commu·

240 3361 295 3403 nes
304 3362 359 3423 pro
370 3345 581 3425 pertinentibus
592 3344 628 3404 ad
638 3362 740 3403 omnes
753 3341 903 3403 beneficiis
920 3359 980 3403 turn
998 3362 1057 3424 pto
1070 3345 1114 3405 eis
1130 3362 1192 3426 que,

241 3433 382 3514 privatim
394 3437 412 3496 a
425 3435 495 3496 Deo
507 3434 675 3498 consecutus
687 3433 737 3494 est.
750 3433 817 3495 1³0st
827 3434 1194 3517 gratiarumaelionemde·

240 3528 314 3588 bere
323 3527 441 3589 ridetur
452 3528 764 3611 suorumpeccatorum
774 3547 890 3588 amarus
905 3527 982 3607 apud
992 3524 1096 3588 Deum
1111 3546 1196 3590 accu-

241 3618 322 3679 sator
333 3618 397 3681 fieti
411 3639 551 3704 repetere
561 3623 684 3702 primum
695 3620 835 3681 medelam
845 3640 905 3701 qua
916 3618 1018 3679 habitu
1028 3619 1197 3701 adpeccan·

242 3711 313 3772 dum
329 3714 495 3792 impellente
515 3715 675 3787 liberetur,
689 3712 795 3773 deinde
817 3711 1034 3794 preteritorum
1058 3711 1200 3773 remiffio-

242 3824 322 3866 nem.
345 3805 413 3867 Post
429 3806 634 3869 conleffionem
656 3824 762 3888 quatro
783 3806 852 3864 milti
874 3805 943 3865 loco
958 3803 1074 3864 videtur
1095 3805 1200 3883 adjun-

244 3898 341 3978 genda
355 3902 459 3981 petitio
475 3920 644 3981 magnarum
659 3900 692 3961 ba
712 3896 869 3958 coelestium
880 3915 989 3968 rerum,
1003 3894 1034 3954 bt
1050 3916 1109 3975 pro
1123 3894 1151 3957 se
1167 3896 1198 3959 δι

243 4008 301 4072 pro
313 3986 450 4054 omnibus
461 3994 490 4053 δι
501 4012 556 4073 pro
565 3992 753 4054 familiaribus
763 3990 796 4051 δι
807 3989 913 4049 amicis.
926 3985 971 4048 Ac
983 3988 1067 4067 super
1075 3989 1124 4049 his
1136 4007 1202 4050 om·

244 4082 332 4144 nibus
344 4086 442 4146 oratio
454 4088 540 4148 debet
553 4088 583 4145 in
603 4084 844 4168 glorificationem
858 4079 916 4141 Dei
937 4098 988 4160 per
1001 4077 1152 4141 Christum
1170 4082 1201 4143 iu

242 4174 357 4256 Spiritu
379 4177 476 4242 sant‘lo
494 4177 633 4240 delinere.
648 4178 711 4238 Has
727 4192 800 4256 quas
818 4173 875 4234 dixi
896 4189 992 4252 partes
1012 4171 1152 4252 dispersas
1170 4173 1204 4235 in

246 4266 397 4351 scripturis
409 4274 591 4343 invenimus;
609 4268 851 4352 glorificationem
867 4264 912 4325 bis
923 4265 1022 4324 verbis
1039 4263 1072 4324 in
1090 4263 1203 4345 psalmo

66 4348 111 4417 Ps.
123 4364 181 4415 ror.
197 4365 224 4404 ¹·
247 4363 411 4429 remefimo
421 4369 531 4432 tertio:
549 4365 664 4427 Domine
681 4365 865 4436 venacus,
879 4357 1065 4449 napmjlcauu
1082 4379 1114 4418 rr
1126 4357 1207 4441 ulrg'

823 4654 895 4711 *x
