2708 4638
361 160 433 255 mn
603 151 1082 236 .onlcunrlv

361 285 427 343 turm
443 280 530 362 fisum.
543 277 710 363 iterumque
731 280 795 364 post
805 302 897 366 pauca
907 284 974 345 dicit
995 279 1140 346 Dominus
1154 281 1191 346 arl
1208 279 1298 366 noyn

361 373 418 436 sern
432 396 439 434 :
457 383 498 434 dr
507 377 607 458 populo
620 377 691 435 dices
711 396 719 434 ε
734 377 912 456 purificamini
923 378 951 436 in
965 379 1102 456 crastinum
1114 413 1124 450 ‚¹
1136 378 1161 436 se
1175 383 1295 438 coneduic

361 489 452 526 carnes
468 488 475 526 :
494 470 616 546 quoniam
623 468 745 550 plorastis
757 487 817 527 anre
831 470 978 529 Dominum
994 471 1126 528 dicentes:
1141 471 1201 548 quis
1210 493 1253 530 nm
1263 471 1299 528 ti·

361 560 434 620 dabir
443 562 567 620 carnibus
578 560 590 620 ἓ
604 561 669 640 quio
682 564 776 620 honum
789 562 822 642 est
833 563 910 619 nubis
921 562 951 620 in
959 564 1095 642 AEgypto.
1104 565 1141 619 Ec
1151 563 1226 621 dabir
1236 563 1302 621 volis

362 673 453 712 carnes
468 655 506 710 ad
518 655 656 711 edendum:
668 646 900 712 &adcriscarnest
917 675 968 712 non
980 655 1047 712 diem
1061 675 1140 712 unum
1150 655 1231 712 ederis
1243 697 1253 722 ,
1264 675 1302 709 nu

187 325 254 389 nu.
273 337 314 391 tl.

362 766 411 824 que
432 745 519 817 duos,
532 765 611 821 neque
623 746 736 822 quinque
750 747 807 803 dies
819 789 829 817 ,
842 767 921 822 neque
934 749 1018 802 deceni
1028 747 1106 820 dics,
1123 757 1204 824 neque
1216 745 1303 825 viginti

362 839 418 896 dies
428 857 436 896 ε
448 836 526 915 usquc
539 835 693 915 adurensem
708 838 806 897 dierum
818 838 899 895 eduis
912 855 922 908 ;
939 838 1106 896 donecexenr
1117 835 1303 913 saccibucces·

360 931 408 986 criu
423 949 430 986 ε
446 929 473 987 G·
495 930 542 986 erit
559 929 635 988 vobis
652 929 680 986 in
700 921 828 988 choleram
843 947 853 1000 3
868 930 990 1006 quoniam
1003 930 1133 988 increduli
1142 928 1237 1012 suillis
1252 930 1304 987 Du⁴

359 1023 446 1092 mino,
460 1011 552 1101 ¹quiesi
572 1022 600 1078 in
617 1019 879 1102 vodistdplo'rastis
893 1039 953 1080 ante
976 1041 1032 1079 curn
1048 1067 1058 1092 ,
1075 1023 1208 1081 dicenter:
1226 1024 1304 1098 Quare

361 1111 547 1192 egreffifitmus
569 1115 601 1170 de
618 1115 773 1194 AEgypro?
798 1113 883 1172 Hanc
893 1111 980 1192 igitur
1000 1109 1147 1172 historiam
1162 1112 1304 1172 videamus

363 1223 400 1264 an
411 1203 520 1264 utiliter
532 1203 618 1263 vobis
628 1203 830 1265 adduxerimus
841 1203 878 1264 ad
889 1223 991 1264 eorum
1006 1203 1181 1266 solutionem
1191 1225 1258 1286 quae
1268 1223 1304 1263 re·

362 1313 492 1378 pugnare
504 1295 640 1354 videntur
653 1297 682 1356 in
695 1297 751 1358 hoc
767 1318 774 1354 :
788 1298 831 1356 Ne
845 1319 893 1356 nos
907 1299 1018 1357 inducas
1033 1298 1062 1356 in
1073 1300 1262 1368 tentationem,
1280 1294 1304 1355 st

363 1388 394 1448 in
408 1387 506 1448 verbis
524 1385 667 1468 Apostoli.
686 1385 901 1468 Concupiscens
917 1385 1182 1468 concupiscentiam
1196 1385 1304 1470 promis·

363 1497 435 1540 cuus
454 1479 504 1560 qui
518 1497 580 1542 erar
599 1480 628 1538 in
651 1478 715 1540 filiis
729 1477 811 1541 lsrael
824 1479 932 1542 flebunt
953 1481 983 1540 δι
1004 1479 1057 1540 lilii
1078 1478 1163 1543 lsrael
1176 1499 1244 1542 cum
1264 1482 1305 1539 ein

363 1569 547 1653 Perspicuum
564 1569 605 1632 est
617 1571 752 1652 quamdiu
766 1573 929 1653 concupitis
943 1572 1097 1647 carebant,
1117 1594 1179 1635 non
1194 1568 1304 1656 potuisse

365 1683 468 1726 eorum
489 1663 632 1724 fastidium
645 1679 770 1745 capere,
787 1684 841 1726 nec
852 1665 869 1725 ὲ
882 1666 987 1724 morbo
1003 1665 1117 1725 liberari
1133 1689 1140 1725 :
1161 1664 1210 1727 sed
1222 1667 1304 1726 bonus

365 1775 400 1818 ac
411 1756 552 1835 benignus
565 1755 647 1816 Deus
657 1755 721 1836 ipsis
733 1755 888 1817 desrderata
900 1756 1063 1817 concedens
1075 1803 1083 1831 ,
1093 1777 1156 1820 non
1167 1759 1210 1820 ita
1217 1757 1303 1838 largiri

364 1849 460 1909 voluit
474 1867 505 1908 ut
515 1846 684 1908 desiderium
692 1851 721 1908 in
735 1847 799 1930 ipsis
812 1849 997 1930 relinquerer.
1008 1847 1112 1928 Quare
1124 1870 1190 1912 non
1199 1849 1302 1912 unodie

365 1941 407 2000 ait
418 1937 596 2000 comesturos
619 1959 672 2001 eos
687 1961 807 2002 carnes:
822 1942 942 2002 morbus
956 1939 1033 2002 enirn
1051 1945 1080 2002 in
1098 1961 1205 2004 eorum
1221 1943 1303 2002 anima

364 2030 480 2094 incensa
493 2031 523 2092 δι
539 2031 712 2093 inflammata
726 2028 920 2106 remansisset,
935 2031 1117 2115 siparticipes
1130 2037 1260 2096 carnium
1274 2033 1303 2092 ad

364 2127 512 2187 modicum
526 2141 637 2207 tempus
651 2121 773 2196 fuissent.
784 2125 888 2207 Neque
902 2127 938 2186 ad
950 2129 1023 2188 duos
1036 2127 1095 2187 dics
1108 2127 1174 2209 ipsis
1182 2144 1302 2210 optatum

365 2218 507 2299 largitur,
525 2216 572 2278 sed
585 2237 644 2298 quo
654 2215 826 2280 fastidiosum
840 2219 920 2278 ideis
933 2217 1078 2291 efficeret,
1091 2239 1156 2282 nort
1169 2237 1230 2281 tam
1243 2239 1302 2300 pro·

365 2312 480 2370 mittere
498 2310 631 2382 viderur,
648 2329 733 2391 quarn
749 2311 775 2370 ei
794 2311 843 2391 qui
856 2311 1017 2393 intelligere
1037 2312 1153 2385 valeat,
1171 2308 1303 2373 minorisa

366 2395 566 2463 concessurum
579 2419 645 2461 cum
657 2403 696 2462 air
707 2423 713 2462 :
726 2423 780 2464 nec
794 2405 923 2482 quinque
942 2419 1053 2465 rantum
1068 2404 1130 2465 dies
1140 2407 1249 2486 agetis,
1262 2422 1303 2464 co·

366 2493 514 2556 medentes
526 2513 643 2554 carnes:
657 2513 752 2576 neque
766 2497 853 2556 etiam
866 2495 954 2575 duplo
967 2513 1098 2569 tantum,
1115 2517 1215 2580 neque
1226 2497 1302 2578 duplo

365 2587 458 2648 adhuc
470 2587 567 2668 plures
578 2630 587 2658 ‚
600 2583 646 2647 sed
660 2603 769 2647 tantum
783 2587 958 2662 comedetis,
971 2607 1003 2649 ut
1015 2587 1109 2650 mense
1119 2589 1240 2672 integro
1253 2607 1303 2650 tar·

366 2679 453 2744 nibus
464 2679 618 2740 vescamini
635 2679 752 2753 ,donec
762 2699 814 2761 per
830 2699 913 2740 nares
931 2697 1015 2741 exeat
1026 2700 1063 2741 ex
1073 2682 1193 2744 cholera
1209 2681 1302 2742 morbo

367 2770 438 2832 &id
458 2772 537 2852 quod
550 2770 636 2832 vobis
655 2773 765 2834 bonum
782 2770 873 2832 visum
888 2770 950 2846 est,
966 2771 996 2832 δι
1009 2773 1234 2854 vituperandum
1252 2773 1304 2850 ejnc

366 2881 402 2924 ac
415 2881 498 2945 turpe
512 2862 691 2926 desiderium.
703 2863 746 2925 Ira
759 2883 815 2925 vos
828 2862 915 2925 avita
927 2865 1090 2926 removebo
1109 2867 1180 2928 nihil
1195 2868 1305 2948 amplius

367 2955 534 3038 cupientes,
546 2970 577 3015 ur
587 2956 657 3016 tales
665 2953 786 3037 egressi,
799 2957 862 3038 puri
873 2949 978 3018 scilicet
989 2959 1005 3016 u
1016 2957 1149 3040 cupidine
1162 2959 1192 3019 δι
1206 2977 1304 3021 memo·

367 3067 414 3109 res
432 3067 484 3128 per
496 3064 569 3127 quot
584 3047 699 3110 labores
710 3049 746 3109 ab
759 3069 793 3110 ea
807 3049 918 3109 liberati
930 3047 1004 3118 fitis,
1021 3047 1129 3130 pollicis
1147 3068 1198 3114 aut
1208 3053 1237 3112 in
1250 3069 1303 3112 eam

367 3137 486 3222 postlrac
497 3158 558 3199 non
572 3139 699 3201 incidere
712 3159 798 3214 ‚aur‚
811 3139 833 3200 st
844 3141 1000 3221 aliquando
1012 3141 1040 3200 id
1052 3145 1165 3204 accidat
1177 3144 1241 3226 post
1251 3146 1304 3204 lou·

368 3254 405 3315 ga
421 3249 584 3314 temporum
602 3231 778 3306 intervalla,
796 3233 880 3294 obliti
900 3253 965 3314 quae
987 3246 1109 3314 propter
1128 3237 1304 3318 cupiditatem

368 3325 433 3386 ellis
447 3322 625 3407 perpeffi,s1
647 3326 735 3386 vobis
755 3344 816 3386 non
834 3323 899 3388 satis
923 3325 1074 3386 attendatis
1092 3346 1147 3388 nec
1165 3325 1305 3412 suscipiaris

368 3417 492 3490 verbum
507 3417 586 3499 quod
601 3415 730 3499 persesle
746 3419 782 3478 ab
795 3417 877 3478 omni
888 3419 994 3480 morbo
1007 3419 1132 3493 liberat,
1147 3420 1178 3480 in
1192 3421 1307 3481 malain·

369 3509 487 3570 cidaris:
507 3507 606 3590 postea
619 3528 695 3570 veto
713 3529 783 3584 cum¹
796 3529 854 3572 vos
877 3509 1009 3572 nascendi
1024 3513 1131 3592 cupido
1151 3508 1305 3582 incesserit,

368 3602 459 3662 oreris
480 3599 636 3663 desiderata
652 3603 755 3664 iterum
774 3601 932 3683 consequi,
947 3621 1039 3683 eaque
1057 3602 1156 3678 exosi,
1167 3603 1206 3665 lic
1221 3601 1305 3665 rursus

369 3693 406 3754 ad
417 3695 556 3767 meliora,
572 3693 756 3776 coelestesque
767 3695 849 3755 cibos
861 3696 1137 3778 recurrere:quibus
1145 3695 1305 3777 contemptis

173 3811 246 3868 Rom,
258 3823 281 3864 t.
296 3826 336 3865 ῃ,
370 3783 518 3846 deteriora
526 3788 707 3867 quaerebarisr
720 3787 828 3846 Eadem
838 3806 871 3847 ac
884 3788 923 3848 illi
933 3789 1078 3868 patientur
1096 3789 1143 3868 qui
1154 3801 1306 3849 muraventnl

368 3867 480 3960 gloriam
498 3879 554 3937 Dei
574 3880 779 3961 incorruptibilis
799 3882 826 3938 in
852 3881 1036 3940 militudinem
1051 3883 1177 3962 imaginis
1198 3878 1306 3961 corrupti·
1337 3903 1338 3988 p

370 3971 553 4060 bilishominis
566 3971 974 4056 &uolucrumsrqundrupedum
983 3963 1306 4056 &serpentiuniaeoquos
1337 3989 1338 4060 p

749 4096 751 4098 ·
774 4091 777 4103 ·
1196 4058 1305 4127 derelidi
