2588 5026
212 601 284 697 qao
350 606 620 677 ontoauts
665 608 1059 684 exnortatrto

208 733 288 815 spera
302 732 331 791 in
348 734 410 792 Deo
433 733 556 817 qrfrrr'am
569 733 656 793 adim
668 735 811 813 confitebor
827 737 881 797 illi.
893 736 933 800 Et
949 737 1057 801 rursus
1075 784 1082 800 .
1103 744 1112 802 2
1129 743 1166 804 :l

216 826 335 887 Utinam
350 844 531 906 nequaquam
541 826 676 887 turbetur
691 827 808 901 anima,
819 825 867 888 sed
881 847 952 891 ante
965 830 1028 912 ipsa
1041 831 1165 894 tribuna·

66 963 92 1014 m
136 974 156 1024 ⁴
216 919 278 992 lia,
293 935 361 979 ante
375 916 469 977 nudos
484 914 567 978 enses
583 916 686 999 jugulo
694 918 831 980 admotos
853 919 1036 985 custodiatur
1061 924 1079 984 ὲ
1103 944 1165 1006 pace

66 981 118 1099 μβ
156 979 203 1027 ’7’
217 1009 277 1073 Dei
292 1009 599 1091 quaeexstrperatomem
611 1009 734 1089 sensum,
756 1011 956 1094 &tranquilla
967 1013 1023 1088 sit,
1037 1034 1171 1096 reputans

66 1103 114 1137 '''·
126 1100 150 1150 ⁵·
160 1085 188 1137 ⁸·
216 1122 271 1165 eos
285 1104 332 1183 qui
340 1103 568 1186 peregrinaturi
584 1122 688 1183 corpore
700 1146 710 1171 ,
724 1104 862 1184 presentes
873 1105 925 1186 ff
940 1108 979 1165 ad
996 1107 1173 1187 universorum

217 1198 372 1257 Dominum.
387 1191 476 1254 Sedsi
490 1194 563 1254 tales
573 1212 633 1255 non
645 1193 739 1256 sumus
752 1214 783 1257 ut
791 1194 933 1278 possimus
940 1196 1057 1279 semper
1073 1201 1172 1260 anime

218 1290 453 1369 tranquillitatem
466 1283 601 1360 servare,
616 1284 716 1348 saltem
728 1306 789 1349 non
801 1286 993 1363 effundatur,
1015 1308 1173 1353 necextra·

218 1379 281 1441 neit
296 1396 436 1461 appareat
453 1379 520 1453 ejus
534 1378 718 1454 commotio,
741 1397 773 1441 ut
788 1379 968 1444 defentionis
980 1383 1070 1445 locus
1093 1384 1174 1444 nobis

219 1472 294 1554 apud
306 1472 405 1534 Deum
417 1469 558 1551 superfit,
580 1470 743 1533 dicentibus
760 1493 768 1530 :
792 1477 870 1534 Deus
886 1497 986 1548 metes,
1005 1478 1048 1534 ad
1056 1476 1176 1555 meipsam

72 1622 80 1635 ,
219 1568 310 1625 anina
320 1588 378 1625 nra
394 1566 501 1624 turbare
512 1565 555 1645 ess
574 1560 737 1625 Meminisse
752 1580 849 1626 autern
868 1585 926 1628 nos
940 1569 1023 1628 ratio
1040 1569 1176 1628 admonet

66 1641 88 1675 ³·
104 1632 145 1683 ‘¹·
163 1638 187 1689 ⁷·
220 1657 252 1719 at
268 1656 514 1735 illlusdiuiquod
527 1655 715 1736 murteum
729 1654 767 1717 stc
780 1657 886 1720 lauet:
908 1660 1009 1719 notrae
1025 1661 1115 1718 erm
1131 1682 1176 1741 ap·

215 1748 1174 1922 allultttuiill‘ltstuttllt‘lu55:¹¹¹fu

875 1865 885 1902 t
1068 1889 1078 1915 ,
1095 1865 1114 1904 tt

221 1935 357 1997 omnibus
367 1953 435 2017 quae
451 1920 619 1996 &interra
636 1920 669 1995 dt
688 1935 715 1993 in
729 1936 802 1995 mari
815 1935 914 1994 divina
932 1934 997 2013 ejus
1012 1953 1080 1996 arte
1093 1863 1176 2019 peqsi

220 2026 355 2102 ciuntur,
372 2045 404 2088 ut
412 2025 510 2088 omnis
518 2025 634 2107 generis
642 2026 797 2087 animantia
806 2027 975 2109 plantaeque
988 2026 1021 2088 u
1034 2047 1176 2108 generen-

219 2135 294 2189 tur,
319 2119 349 2181 dt
363 2116 542 2190 consistant,
561 2117 594 2180 δι
617 2117 755 2190 alantur,
774 2118 807 2180 dt
825 2136 1010 2200 augeantur,
1027 2118 1175 2181 absurdum

220 2209 309 2273 suerit
318 2231 374 2274 nos
382 2211 563 2282 connivere,
573 2228 628 2270 nec
637 2207 735 2270 Deum
748 2207 909 2290 respicere,
925 2210 973 2271 sed
988 2216 1175 2273 oculoscon·

220 2322 340 2367 vertere
357 2306 392 2366 ad
405 2303 537 2364 homines
560 2302 644 2363 brevi
663 2304 821 2364 morituros
839 2303 870 2363 dt
886 2303 1052 2365 tradendos
1071 2305 1178 2366 meritis

221 2396 384 2482 suppliciis,
400 2395 511 2479 hosque
520 2394 633 2456 timete.

141 2474 190 2497 '⁶
273 2488 640 2573 5.Ahrahamodixitolim
650 2486 1181 2570 DeustEgredrredeterratua3nobis

223 2580 303 2645 sorte
316 2585 353 2645 ab
364 2603 403 2645 eo
414 2583 498 2643 brevi
511 2580 625 2641 dicetur
637 2610 644 2647 :
660 2583 737 2642 exite
751 2581 787 2642 de
796 2581 929 2642 universa
941 2600 1019 2643 terra
1030 2605 1038 2642 :
1051 2585 1098 2643 cui
1113 2583 1179 2643 obe·

222 2673 288 2737 dire
305 2660 414 2737 bonuni
426 2672 486 2746 ess,
502 2688 535 2733 ut
547 2671 633 2733 nobis
648 2674 710 2733 cito
722 2675 815 2734 coelos
829 2671 963 2734 ostendat
973 2676 1004 2733 in
1019 2676 1128 2756 quibus
1142 2671 1180 2735 eli

223 2766 252 2827 id
263 2766 342 2848 quod
350 2766 453 2827 dicitur
469 2783 590 2845 regnum
604 2764 756 2826 coelorum.
769 2765 927 2826 Multarum
945 2767 1091 2828 virtutum
1102 2765 1180 2828 causa

222 2860 315 2921 titum
332 2857 536 2920 certaminibus
554 2857 667 2936 plenam
680 2852 755 2930 esse,
777 2875 852 2938 opus
869 2855 912 2917 est
924 2876 978 2919 eos
991 2859 1042 2939 qui
1064 2874 1178 2921 certant

222 2951 337 3013 videte.
347 2949 429 3012 Enim
443 2968 518 3013 vero
531 2968 586 3030 pro
593 2949 786 3028 temperantia
799 2949 980 3011 videbuntur
991 2951 1075 3012 multi
1090 2954 1177 3012 etiarn

222 3042 240 3103 ai
252 3040 313 3105 Dei
330 3044 456 3125 partibus
466 3041 553 3105 alieni
566 3038 724 3104 decertasse
738 3088 748 3117 ‚
764 3045 951 3122 nonnullique
964 3060 1093 3104 mortem
1118 3042 1180 3104 sor·

223 3135 294 3197 titer
306 3136 391 3198 obire
408 3131 534 3198 maluisse
546 3153 634 3215 quam
648 3152 832 3196 communem
843 3135 1004 3195 Dominum
1020 3134 1181 3208 deserere,

223 3227 294 3288 item
316 3229 478 3308 prudentiae
499 3246 621 3308 operam
642 3223 746 3288 dedisse
758 3228 808 3308 qui
820 3227 906 3288 rebus
923 3228 1039 3288 ratione
1060 3227 1183 3289 tracian-

223 3318 270 3379 dis
280 3318 534 3402 examinandique
554 3316 769 3400 prestiterunt3
786 3338 822 3380 ac
839 3318 955 3396 justitiae
969 3317 997 3379 se
1012 3317 1184 3394 tradidisse,

224 3410 468 3491 quijuslevitere
477 3410 527 3472 stbi
536 3408 770 3493 proposuerunt:
788 3411 828 3472 ita
837 3410 974 3472 adversus
984 3409 1112 3491 singulas
1122 3414 1182 3473 vir·

224 3520 307 3565 tutes
324 3504 426 3565 militat
444 3520 495 3567 aut
508 3502 603 3564 carnis
616 3500 784 3584 prudentia,
803 3519 853 3565 aut
870 3503 1006 3584 pleraque
1018 3522 1180 3566 extranea:

71 3594 124 3646 tet.
136 3603 160 3643 ²·
174 3604 197 3653 5·
226 3614 256 3656 :tt
272 3616 328 3678 pto
348 3598 455 3676 pietate
469 3594 559 3658 ibium
582 3610 689 3676 pugnat
708 3617 792 3676 genus
808 3597 936 3670 eleisum,
956 3597 1043 3677 regale
1057 3597 1185 3676 fhtrrdo-

228 3692 315 3763 tium,
331 3711 393 3770 gens
407 3689 499 3768 fiansse
512 3688 649 3771 ,populus
659 3690 860 3765 arquisttionis,
881 3688 995 3749 caeteris
1014 3688 1187 3750 hominibus

228 3802 266 3844 ne
275 3781 368 3861 specie
381 3781 499 3861 quidem
508 3778 723 3843 ostendentibus
731 3778 759 3840 se
773 3825 782 3854 ,
799 3777 925 3842 etsr'sunt
934 3799 1000 3860 quae
1011 3780 1067 3862 piis
1077 3781 1183 3842 advet-

228 3873 340 3947 sentur,
358 3894 414 3955 pro
431 3875 541 3954 pietate
554 3872 629 3935 moti
644 3869 824 3955 propositum
844 3873 972 3943 habere,
990 3872 1093 3952 pietati
1112 3891 1186 3934 con·

228 3966 353 4043 juneiam
376 3983 506 4027 rnortem
525 3966 596 4027 eitae
617 3965 759 4045 impietati
779 3962 944 4043 eonjunsiae
966 3981 1188 4043 praeponentes.

66 4040 111 4075 'm‘
123 4036 162 4077 ω’
177 4036 215 4074 ¹⁰⁸
231 4060 336 4141 Quare
355 4058 382 4118 iti
411 4057 473 4118 sunt
491 4058 595 4139 quibus
608 4056 690 4118 Deus
704 4058 782 4116 corde
802 4059 916 4116 creditur
932 4059 970 4114 ad
981 4053 1128 4136 iussissent,
1142 4079 1188 4117 ore

231 4173 318 4214 autern
338 4150 458 4230 consrffia
465 4152 501 4229 fit
513 4152 551 4209 ad
559 4150 695 4228 salutem,
712 4168 777 4209 cum
791 4148 950 4229 percipiant
963 4144 1096 4226 nequese
1107 4146 1191 4224 jussi·

222 4245 313 4307 *ficari
328 4242 405 4325 posl'e
418 4242 470 4303 nist
484 4242 520 4305 stc
531 4241 604 4304 Deo
618 4240 779 4303 credant&
792 4236 1033 4302 itacordeaffetli
1048 4237 1103 4299 sint
1114 4283 1124 4312 ‚
1135 4259 1189 4303 ne·

232 4359 293 4417 que
306 4336 399 4398 salvos
417 4334 549 4407 sututoS,
567 4333 618 4397 nist
631 4334 725 4416 qualis
739 4330 880 4402 assessus,
898 4331 963 4392 talis
981 4331 1013 4392 ur
1029 4329 1126 4392 sermo
1142 4329 1192 4394 fin·

233 4431 272 4493 Se
286 4427 449 4514 euimipsoe
458 4428 608 4513 decipiunt
619 4427 670 4511 qui
680 4425 719 4490 ad
728 4422 962 4508 consequendum
975 4422 1007 4484 in
1022 4420 1141 4488 Chrisio
1151 4421 1192 4515 fi:

883 4544 962 4621 a&

903 4642 1080 4841 xx

66 1432 172 1497 PM.»
