2688 4614
200 111 286 178 na
338 105 734 184 oratioue
914 131 990 214 tq

9 254 52 302 tus
70 234 220 298 omnibus
243 255 451 320 quaecumque
465 237 583 299 tandem
600 237 658 300 illae
680 233 735 296 sint
747 231 885 296 dubiret?
910 233 989 315 Quis

9 350 62 391 non
82 335 227 410 increpat
239 328 397 392 famulum
411 349 479 392 cum
499 331 647 413 peccantis
659 327 735 392 servi
753 326 876 410 speciem
890 329 993 388 animo

9 421 199 505 perceperit?
215 420 306 501 Quis
321 421 421 483 filium
432 437 493 484 non
501 421 612 484 accusat
624 421 720 484 debita
728 421 893 503 patentibus
906 419 963 481 obs
978 453 992 466 ·

11 515 76 594 quia
96 533 161 574 non
177 515 390 578 reddentem?
409 516 470 576 Aut
484 533 543 576 non
557 512 729 596 queritur&
748 516 893 596 vituperat
913 509 995 591 quast
1038 518 1042 523 ’

12 607 135 688 turpiter
150 621 298 688 agentem
309 609 467 671 mulierem
480 607 661 669 adulteram?
674 607 744 667 Vim
760 607 838 668 enim
850 604 919 666 facit
933 603 994 686 ipsa

14 703 118 760 vetitas
136 697 169 758 δι
185 701 296 782 cogit,
316 701 509 781 quantumvis
526 700 655 761 cavillari
669 700 776 773 libeat,
792 699 901 780 impetu
913 717 992 777 quo·

14 793 74 852 dam
85 794 114 850 in
125 782 275 854 laudes&
293 792 329 854 in
345 791 586 880 vituperiaqserti:
599 792 679 874 quod
701 793 772 854 vere
785 790 818 852 stt
843 789 951 872 aliquid
962 793 1005 850 in*

16 883 107 945 nostra
116 883 287 966 potestate,
303 885 399 968 idque
418 887 469 952 ,vel
484 885 569 946 laude
591 886 641 946 vel
658 886 838 946 contumelia
861 884 994 964 dignum.

19 977 105 1057 lgitur
118 975 141 1035 s1
154 975 296 1039 nostrum
308 977 444 1040 servatur
454 979 577 1040 liberum
593 977 747 1038 arbitrium
760 996 820 1058 quo
835 977 994 1039 innumeris

21 1071 111 1131 modis
122 1071 172 1130 vel
187 1071 226 1130 ad
249 1072 388 1132 virtutes
398 1071 447 1132 vel
468 1071 504 1132 ad
526 1071 599 1131 vitia
620 1071 668 1131 vel
689 1071 724 1130 ad
737 1091 771 1132 ea
791 1070 996 1151 quaedecent‚

22 1164 66 1222 vel
79 1161 115 1222 ad
128 1182 162 1223 ea
188 1183 261 1245 quae
279 1164 321 1224 ab
345 1163 446 1226 officio
459 1163 623 1239 aberrant,
643 1164 858 1245 propendemus
870 1207 879 1236 ‚
890 1164 939 1223 vel
956 1163 995 1222 ab

23 1253 114 1314 iisdem
128 1255 340 1317 declinamus:
364 1253 477 1318 necesse
491 1255 532 1316 est
544 1257 602 1317 hoc
614 1275 679 1317 cum
698 1255 820 1338 reliquis
838 1271 995 1338 antequam

26 1346 72 1420 stt,
88 1346 159 1408 Deo
169 1367 282 1409 notum
294 1345 381 1411 effeti
392 1349 581 1411 creatione&
595 1347 803 1410 constitutione
817 1348 915 1408 mundi
927 1367 997 1428 qua-

26 1440 53 1500 le
63 1439 191 1502 suturutn
201 1439 260 1516 stt3
279 1441 314 1502 δι
329 1443 361 1502 in
372 1443 508 1503 omnibus
518 1461 582 1521 quae
595 1441 803 1524 praeotdinavit
815 1439 913 1513 Deus,
922 1459 997 1501 con-

29 1529 178 1612 sequenter
187 1552 221 1594 ut
231 1535 473 1616 unumquodque
486 1536 561 1596 vidit
576 1535 605 1594 in
617 1531 715 1595 nostra
727 1532 854 1595 futurum
869 1532 997 1615 potesta-

28 1639 69 1697 te,
90 1625 310 1706 praeordinasse
322 1629 413 1690 etiam
425 1642 512 1710 prout
524 1627 614 1708 exigit
637 1627 760 1707 quilibet
775 1624 866 1688 nostri
881 1625 997 1687 arbitrii

32 1733 146 1792 motus,
176 1721 249 1800 quid
262 1718 317 1803 ipsi
331 1720 435 1781 debeat
448 1740 484 1782 ex
500 1720 696 1804 providentia
706 1737 786 1802 parte
803 1718 997 1801 respondere.
1066 1769 1068 1772 .
1161 1722 1164 1726 ’

35 1809 100 1891 quid
119 1809 203 1890 juxta
218 1814 452 1876 connexionem
473 1816 570 1874 reruni
589 1810 750 1876 sut'urarum
767 1813 917 1876 accidere:
936 1831 1016 1874 non·

36 1903 111 1983 quod
130 1903 314 1985 praescientia
337 1904 491 1967 Deicausa
501 1905 647 1968 sueorum
660 1907 792 1968 omnium
816 1923 882 1986 quae
898 1904 999 1966 fututa

36 1993 97 2054 sunt
110 1994 216 2078 &quae
235 2000 367 2082 proprio
383 2013 466 2060 motu
478 1998 659 2080 arbitrioque
678 1997 780 2060 nostro
800 1996 929 2059 elledluti
951 1996 966 2058 s
983 2030 998 2045 -

42 2089 270 2152 mus.trfien'1m
287 2094 303 2175 (
314 2091 344 2151 id
352 2092 443 2153 modo
453 2089 726 2173 supponerelicear)
739 2089 833 2152 sutura
841 2090 924 2152 Deus
936 2107 1000 2151 non

43 2180 249 2259 cognoscerer,
276 2193 343 2245 non
366 2203 405 2245 eo
422 2183 693 2246 minushaecsumus
705 2181 852 2256 effeduti,
868 2184 999 2244 baecvo·
1028 2205 1029 2208 ¹

30 2270 126 2333 lituri:
146 2277 234 2338 rebus
249 2295 353 2339 tamen
362 2277 390 2338 id
403 2277 508 2340 accidit
525 2295 561 2338 ex
571 2275 750 2359 praescientia
763 2277 883 2350 divina,
900 2293 933 2337 ur
945 2295 998 2336 or·

44 2363 104 2424 dine
117 2366 152 2426 ad
163 2370 297 2431 universa
317 2371 559 2453 gubernationem
584 2369 719 2453 orbisque
732 2368 836 2432 ilatum
852 2367 1002 2430 utilissimo

47 2453 226 2536 disponantur
245 2462 363 2546 singula
376 2483 442 2546 quaa
458 2464 488 2522 in
507 2461 605 2524 nostra
623 2461 686 2524 sunt
706 2461 861 2545 potestate.
879 2461 1002 2544 §tergo

50 2550 166 2626 quodvis
183 2573 291 2617 eorum
305 2576 372 2637 quae
393 2554 484 2618 noslti
495 2547 558 2618 sunt
571 2555 684 2617 arbitrii
706 2556 856 2636 cognitum
869 2552 910 2614 est
925 2554 999 2637 ipfi,

52 2641 198 2707 ordinarii
212 2649 592 2730 providentiaquidcuique
605 2667 661 2731 pro
671 2649 811 2731 dignitate
820 2649 1001 2724 conveniat,

52 2733 150 2795 rationi
160 2742 300 2822 congruit
310 2787 321 2816 ,
332 2741 361 2802 u
372 2741 439 2824 quid
454 2741 501 2803 ille
514 2741 619 2823 aliquis
639 2759 723 2821 oret,
739 2740 893 2823 quomodo
914 2737 1002 2802 affec-

56 2824 151 2905 tusstt,
164 2833 232 2911 quid
243 2835 362 2908 credar,
384 2835 453 2915 quid
472 2831 522 2894 sibi
533 2831 697 2906 fierivelit,
712 2831 1002 2916 prabcognoschquo

56 2923 249 3002 precognito,
268 2927 327 2988 tale
336 2927 443 3010 aliquid
458 2926 671 3009 consequenter
684 2926 880 3009 providentiae
896 2927 1004 2990 ordine

57 3015 255 3091 comprehendi
275 3043 282 3081 :
301 3021 376 3082 bunc
392 3035 528 3082 orantem
547 3017 670 3090 affidue,
683 3037 803 3103 propter
819 3020 896 3086 illam
910 3017 1003 3102 ipsam

60 3104 446 3187 quamfundetorationem,
458 3114 628 3175 exaudiam:
646 3115 723 3174 hunc
739 3132 815 3175 vero
833 3133 894 3174 non
911 3133 1002 3174 exau·

60 3191 144 3266 diam,
161 3217 211 3262 aur
220 3207 300 3284 quod
311 3205 445 3288 indignus
454 3203 488 3266 stt
497 3207 545 3287 qui
554 3206 743 3283 exaudiatur,
755 3222 806 3268 aut
815 3206 896 3288 quod
905 3227 940 3268 ea
950 3225 1002 3288 pe·

64 3285 272 3376 titurussttquae
285 3317 339 3359 nec
353 3297 403 3379 ipsi
413 3318 519 3381 capere
538 3299 671 3380 expedit,
685 3319 741 3361 nec
761 3319 807 3360 me
825 3299 893 3360 date
908 3299 1004 3360 decet.¹

63 3373 127 3439 ltem
140 3388 424 3467 proptethancistius
435 3435 445 3465 ,
456 3391 539 3453 verbi
552 3391 660 3472 gratia,
669 3390 926 3474 orationemipsum
937 3410 1002 3452 non
1055 3401 1057 3406 '

65 3473 218 3552 exaudiam,
231 3499 351 3564 propter
363 3482 440 3546 illam
457 3484 617 3546 exaudiam.
633 3483 756 3565 Qubdsr
772 3485 834 3564 quis
849 3505 887 3545 eo
900 3487 1001 3548 turbe·

65 3573 105 3620 tut
116 3570 190 3644 quod
210 3591 275 3635 curn
293 3574 354 3636 Dei
372 3576 511 3638 derebus
528 3575 634 3638 suturis
655 3575 838 3659 ptaescientia
856 3575 915 3639 falli
937 3598 1000 3641 non

66 3653 152 3731 polin,
174 3665 249 3744 quast
262 3667 406 3732 neceffitas
414 3669 501 3730 rebus
517 3666 667 3744 afferatur,
680 3671 750 3733 huic
768 3669 1000 3753 respondendum

67 3743 117 3806 h0c
132 3751 217 3832 ipsum
234 3757 332 3822 aiDeo
345 3759 503 3824 necessario
517 3760 674 3843 cognosci,
686 3783 791 3846 nempe
806 3765 886 3828 illum
903 3764 1002 3840 homi-¹

69 3853 127 3936 pem
137 3861 193 3907 non
208 3851 364 3916 necessario
378 3874 431 3916 nec
441 3853 564 3916 firmiter
586 3855 662 3916 velle
679 3857 818 3930 meliora,
839 3874 888 3918 aut
900 3854 1001 3936 stepe⁴

67 3945 126 4006 101³
141 3939 294 4016 volitutum
302 3967 355 4026 ,ut
367 3940 537 4012 mutationis
549 3948 578 4010 in
589 3948 691 4016 melius
703 3951 823 4034 incapax
836 3947 1000 4013 iuturusdt.
