2688 4614
217 156 298 224 DE
345 155 729 224 ORATIONE.
906 160 975 243 '319'

20 285 146 334 venture
175 270 293 353 pietatis
320 267 413 352 specie
428 268 531 352 ,lapsus
548 315 558 344 ,
575 269 691 340 addat,
712 265 801 350 gratia
821 283 908 327 artem
919 264 975 328 Dei
990 269 1091 324 uidem.
1110 281 1142 340 ,a

16 367 77 446 sum
97 367 126 424 id
147 368 218 443 quod
226 364 308 445 sunu
325 361 544 447 prohibitusque
565 361 861 422 conscientiaeorum
879 379 945 440 quae
967 357 1031 432 ,¹⁰·

22 478 91 519 cum
111 457 206 518 adhuc
223 457 337 535 juvenis
362 453 432 518 esset
453 503 462 530 ‚
486 451 624 516 adversus
646 452 793 514 Chrislum
819 452 944 534 patravit
966 497 977 526 ,

22 570 86 612 non
100 549 256 610 extollatur
275 547 473 630 magnitudine
488 547 703 610 revelationum
723 565 793 627 quas
808 564 876 624 meo
887 545 975 606 bene·
995 573 1017 607 2.
1030 555 1083 607 eor.
1095 569 1133 607 n.
1143 563 1172 616 rr
1237 575 1239 578 ·

23 641 96 703 ficio
107 656 281 725 accepturus
291 640 341 703 eli.

71 757 102 814 7.
121 732 169 796 Atl
184 755 219 796 ea
247 751 345 797 autem
364 754 429 817 quae
449 731 564 812 objesla
589 729 653 795 sunt
679 733 715 796 de
735 731 871 796 oratione
888 745 920 794 ut
938 728 981 792 sol
1027 805 1029 810 Ι

30 828 167 900 otiatur,
188 828 252 888 haec
273 827 402 888 dicenda.
417 824 464 886 Est
477 825 554 886 suurn
574 823 605 886 8(
620 823 673 886 soli
686 826 852 899 arbitrium,
866 824 981 904 quando

29 920 144 999 quidem
152 918 209 1001 ipse
216 919 313 984 Deum
327 918 394 980 cirm
412 909 480 980 luna
496 918 601 980 laudat.
616 918 666 979 llit
679 921 770 982 enim:
784 921 905 977 laudare
925 940 981 978 eum
996 936 1036 1002 ps,
1063 937 1118 1000 148·
1133 941 1158 999 ,ς

23 1011 67 1090 sol
78 1013 186 1073 olona.
195 1012 242 1073 Sic
254 1011 285 1072 δι
298 1013 447 1074 arbitrium
457 1013 553 1073 lunam
562 1010 592 1072 δι
601 1009 907 1094 consequenterslellas
916 1029 982 1072 om·

27 1123 79 1164 nes
92 1105 197 1165 habere
207 1103 386 1166 manifestum
396 1102 450 1166 esi:
461 1106 582 1164 laudare
596 1105 673 1166 enim
690 1106 830 1184 eumsiellae
845 1106 871 1164 se
887 1105 982 1166 lumen.

31 1195 74 1256 Ur
89 1197 175 1279 igitur
185 1197 310 1259 diximus
322 1196 421 1259 nostro
435 1195 613 1279 singulorum
624 1197 673 1280 qui
693 1199 723 1258 in
740 1213 817 1258 terra
836 1195 984 1258 versamur

32 1288 157 1349 arbitrio
172 1290 214 1350 uti
228 1288 350 1365 Deum,
365 1290 394 1350 lla
407 1291 437 1350 in
456 1291 580 1370 aliquam
601 1293 780 1352 terrenarum
799 1308 894 1351 rerum
907 1288 986 1350 utili·

19 1394 118 1442 'tatem
142 1383 356 1444 convenienter
378 1383 424 1443 illa
439 1377 595 1452 ordinasse,
612 1382 650 1444 stc
666 1384 753 1445 etiam
769 1381 987 1445 existimandum

21 1473 71 1534 'eil
79 1473 200 1535 arbitrio
210 1473 276 1536 solis
286 1472 569 1537 &lunaessrfiderun
580 1472 738 1538 necessario
749 1476 798 1538 illo
811 1471 936 1537 &firmo
954 1474 987 1536 δι

34 1564 123 1627 stabili
142 1565 313 1648 &sapiente
333 1566 413 1629 usum
432 1563 591 1642 ordinasse,
611 1587 745 1630 ornatum
775 1586 890 1630 omnem
920 1567 989 1628 coeli

36 1657 558 1742 congruentel'queuniversostderum
578 1660 793 1723 conversiones.
812 1659 905 1742 Quod
919 1659 988 1722 side

35 1750 68 1812 iis
76 1749 278 1831 quae‘anostro
287 1753 409 1814 arbitrio
422 1753 567 1835 pendent,
586 1773 647 1814 non
668 1747 773 1816 frustra
796 1773 869 1828 oro,
893 1754 988 1814 multo

36 1844 127 1906 minus
141 1845 177 1906 de
189 1845 224 1905 iis
236 1865 302 1926 quae
314 1846 344 1907 in
353 1845 476 1906 arbitrio
485 1843 550 1906 sunt
564 1845 722 1909 coelestium
731 1849 847 1909 illorum
865 1845 989 1907 siderum

39 1939 316 2016 quorumordinatus
330 1936 426 2000 cursus
451 1940 537 2003 rebus
554 1941 631 2001 utilis
650 1938 691 2001 est
714 1939 862 2001 universis.
880 1938 991 2018 Quam,

39 2049 119 2110 quam
128 2031 163 2090 de
176 2031 301 2091 terrenis
310 2031 425 2112 quidem
434 2034 519 2110 rebus
531 2031 587 2092 dici
607 2031 718 2113 potest,
737 2049 830 2093 certas
855 2027 989 2112 quasdam

40 2119 429 2204 acitcumllantibusspecies
445 2123 560 2185 immitti
579 2143 645 2204 quae
675 2139 842 2206 provocent
863 2123 890 2183 id
909 2121 990 2204 quod

40 2212 68 2273 in
79 2213 316 2277 nobisinfirmum
334 2215 399 2289 est,
419 2233 471 2278 aut
488 2235 613 2299 pronum
631 2216 667 2277 ad
686 2216 856 2289 deteriora,
880 2231 912 2276 ut
925 2217 989 2277 haec

42 2307 87 2367 vel
100 2305 502 2372 iliadicamusautsaciamus.
521 2308 554 2370 ln
577 2307 739 2372 coelellibus
755 2329 831 2371 vero
855 2327 990 2388 quaenam

43 2398 130 2478 potest
141 2399 260 2462 immissa
271 2399 378 2484 species
386 2402 422 2462 ab
432 2421 470 2464 eo
481 2400 563 2464 cursu
573 2405 622 2484 qui
635 2403 745 2466 mundo
760 2403 837 2464 utilis
847 2400 887 2462 ell
900 2420 992 2470 aver·¹

43 2492 324 2556 tereacdimovere?
347 2494 425 2555 Cum
445 2493 555 2601 singula
576 2496 663 2558 etiam
683 2497 753 2558 citra
769 2498 914 2561 .harumce
928 2492 992 2576 spe·¹

45 2585 148 2647 clerum
160 2583 271 2647 causam
283 2583 422 2665 ejusmodi
432 2589 557 2668 animam
576 2588 700 2651 habeant
714 2588 828 2650 rarione
846 2585 993 2688 compost·
1023 2617 1025 2624 ·

50 2691 124 2750 tam,
140 2677 317 2757 &ejusmodi
325 2699 453 2760 corpore
466 2663 596 2742 aethereo
610 2678 944 2764 puriffimoqueutantur.

85 2768 112 2831 8.
132 2769 273 2833 Ptaeterea
294 2790 355 2832 non
371 2770 522 2834 absurdum
545 2773 600 2834 erit
623 2773 666 2834 uri
687 2770 847 2851 hujusmodi
864 2771 993 2854 quodam¹
1020 2769 1021 2776 '

47 2863 172 2966 exemplo
186 2880 217 2924 ut
233 2864 366 2926 homines
376 2863 560 2926 adorandum
570 2865 767 2971 impellamus,
785 2865 992 2928 &avertamus

46 2954 80 3012 ab
89 2956 219 3018 oratione
231 2957 412 3038 negligenda.
432 2959 474 3019 Ut
487 2957 570 3019 liberi
584 2959 733 3046 procreari
745 2977 805 3019 non
817 2954 929 3038 possunt
939 2957 993 3019 nist

51 3045 473 3130 adhibitamuliereeoquealiu
491 3051 540 3131 qui
561 3051 597 3111 ad
617 3071 682 3112 eant
699 3070 761 3111 rem
779 3053 855 3113 utilis
885 3051 945 3123 est;
954 3050 994 3114 stc
1015 3121 1017 3128 Α

51 3134 93 3196 ille
105 3139 204 3220 aliquis
221 3141 284 3202 haec
301 3143 351 3202 vel
372 3142 420 3202 illa
438 3162 498 3204 non
518 3142 658 3230 accipiet
654 3142 712 3204 nist
726 3141 764 3205 stc
784 3143 915 3205 oraverit
936 3143 995 3204 hoc

51 3227 157 3294 assellus
169 3235 281 3308 modo,
299 3235 353 3296 hac
364 3232 442 3309 side,
456 3234 547 3296 &nist
565 3238 713 3298 hancante
728 3237 891 3296 orarionem
904 3235 995 3296 vitam

52 3319 163 3386 duxerit.
173 3323 273 3408 ltaque
282 3346 344 3386 non
354 3326 397 3388 eli
409 3329 531 3389 multum
544 3311 740 3413 loquendum,
760 3328 931 3409 nonexigua
943 3345 996 3408 pe-

54 3417 147 3490 tenda,
167 3437 220 3478 nec
230 3419 265 3479 de
275 3419 399 3482 terrenis
411 3421 592 3503 rogandum:
611 3442 666 3484 nec
685 3442 752 3484 cum
771 3421 813 3502 ira
836 3420 995 3482 auranimo

55 3510 215 3583 perturbato
233 3511 269 3572 ad
287 3513 453 3574 orationem
478 3515 680 3577 accedendum.
697 3514 753 3576 Sed
771 3512 929 3594 nequesrne
943 3533 996 3594 pu·¹

53 3597 133 3662 ritate
143 3603 303 3686 intelligere
311 3605 378 3666 licet
390 3607 542 3687 quomodo
561 3609 626 3688 quis
635 3607 761 3668 orationi
777 3625 882 3667 vacare
895 3604 995 3688 possit,

55 3707 102 3752 nec
110 3693 295 3758 remissionem
308 3717 493 3778 peccatorum
507 3700 604 3781 potest
616 3720 704 3763 orans
715 3697 869 3780 consequi,
885 3697 937 3760 nist
957 3719 995 3760 ex

55 3787 135 3848 corde
147 3789 287 3850 remiserit
301 3789 381 3850 fratri
398 3792 484 3852 illatae
493 3793 610 3858 veniam
623 3795 736 3872 injuriae
753 3791 915 3874 postulanti.
930 3792 993 3854 sam

58 3879 127 3952 quod
141 3898 273 3943 orantem
287 3903 395 3966 eoquo
410 3903 529 3963 oportet
542 3887 633 3949 modo
643 3888 691 3948 vel
709 3887 745 3947 ad
763 3885 789 3944 id
811 3905 866 3968 pro
884 3885 995 3947 viribus

56 3983 251 4054 properantem
260 3975 394 4058 adjuvet,
406 3977 508 4042 ‘multis
516 3979 641 4044 arbitror
650 3979 744 4044 modis
751 3979 870 4044 evenire
886 3972 976 4062 polle.¹
