2588 5026
254 591 326 674 με
573 578 925 650 otiositas
1038 565 1043 571 ’

258 719 297 755 me
313 694 412 771 audis,
426 689 592 757 dDomino
599 692 708 757 dissum
718 692 813 766 ‚drab
819 693 926 755 eodem
934 685 1215 781 Evangetilrcmsa·

258 789 402 869 criptum,
419 786 545 848 ostendit
564 806 631 850 eum
646 789 696 868 qui
711 785 822 866 semper
840 800 927 859 orat,
943 782 1062 865 semper
1076 784 1204 847 exaudiri.

259 879 346 959 Quid
363 878 406 941 est
418 896 517 943 autent
539 875 652 941 necesse
667 897 721 940 eos
740 876 891 939 recensere
909 880 959 958 qui
973 874 1058 958 quud
1077 892 1217 957 utopor··

261 987 306 1033 tet
324 988 443 1033 orarent
463 1017 472 1046 ,
495 972 620 1032 maxima
644 973 660 1032 d
685 969 757 1031 Deo
778 970 919 1032 beneficia
943 967 1101 1032 consecuti
1123 966 1205 1028 sunt?

259 1081 326 1125 cum
344 1062 429 1126 facile
447 1063 554 1144 cuique
565 1062 600 1125 sit
619 1065 701 1145 plura
719 1061 769 1123 srbi
789 1061 965 1144 dscripturis
976 1060 1112 1143 seligere.
1126 1059 1204 1122 Anna

259 1158 337 1215 enim
359 1155 499 1218 Samuelis
519 1157 593 1217 illius
606 1159 657 1239 qtti
672 1153 771 1235 Moysi
786 1169 1022 1217 connumeratus
1040 1152 1105 1227 ess,
1123 1171 1206 1233 geno

259 1249 367 1308 rationi
393 1248 588 1325 ministravit,
614 1251 683 1333 quia
707 1267 772 1310 cunt
791 1267 850 1309 non
868 1263 1011 1330 pareret,
1037 1245 1205 1308 credidit&

260 1340 362 1400 oravit
378 1341 414 1401 ad
429 1341 612 1416 Dominum;
636 1342 772 1402 Ezechias
785 1357 881 1402 aurem
905 1360 973 1403 cum
991 1339 1095 1400 liberis
1117 1337 1205 1399 adhue

260 1449 376 1492 careret
394 1431 607 1515 accepissetque
625 1435 661 1496 ab
673 1432 744 1494 lsaia
760 1432 788 1494 se
804 1422 1005 1510 moriturum,
1024 1430 1204 1493 oravitdtin

261 1522 430 1586 Servatoris
443 1527 646 1608 genealogiam
666 1523 800 1587 admissus
810 1522 860 1587 esi
880 1526 945 1587 Jam
960 1545 1027 1587 uno
1043 1519 1207 1585 editions

261 1613 373 1698 diisque
394 1617 490 1679 Aman
514 1623 661 1701 periturus
682 1636 745 1680 erat
770 1619 917 1700 populus,
933 1636 1004 1679 cunt
1025 1614 1204 1679 Mardochaei

261 1707 295 1770 δι
315 1707 414 1770 Esther
423 1712 521 1772 oratio
531 1711 643 1791 jejunio
657 1709 812 1789 conjunsla
821 1756 830 1784 ‚
839 1709 978 1772 exaudita
989 1707 1051 1783 est,
1063 1710 1096 1771 u
1108 1726 1205 1792 pretet

262 1799 332 1862 sella
348 1802 366 1863 d
385 1802 492 1882 Moyse
505 1803 683 1875 constituta,
705 1802 945 1865 Mardochaicum
963 1803 1083 1884 populo
1101 1802 1204 1887 peperit

69 1863 213 1931 ’ΨΜ
222 1878 249 1929 9’
262 1892 375 1955 laetitiae
392 1896 477 1956 diem.
488 1896 587 1958 iudith
603 1894 704 1957 sanslis
717 1896 823 1957 oblatis
838 1896 975 1976 precibus
987 1895 1203 1978 Holophernent

136 2036 147 2057 ,
263 1985 335 2047 Deo
350 1986 513 2066 adjuvante
525 1988 693 2071 superavit,
710 1988 740 2049 δι
751 1980 809 2049 un‘a
825 1988 1023 2050 Hebraeorum
1043 1985 1151 2049 femina
1165 1986 1201 2047 la·

263 2078 330 2139 bem
352 2080 453 2142 domui
474 2079 773 2143 Nabuchodonosoris
790 2078 885 2143 inussit
904 2081 1059 2155 Ananias,
1075 2079 1203 2153 azarias,

71 2158 249 2228 nantelmo.
266 2170 296 2232 δι
316 2169 418 2235 Misael
439 2174 565 2234 exauditi
586 2171 669 2244 sunt,
688 2190 920 2254 merueruntqtte
939 2193 1046 2235 ventum
1063 2174 1202 2253 rorissim-

72 2312 96 2361 6.
108 2323 149 2361 ιι.

266 2283 316 2324 tem
340 2264 468 2348 ignisque
496 2266 575 2327 vires
596 2266 782 2327 cohibentem
807 2268 951 2349 accipere.
966 2265 1000 2326 ln
1022 2265 1210 2346 Babylonico

266 2357 350 2420 lacco
373 2360 493 2420 leonum
517 2378 572 2421 ora
596 2357 730 2422 Danielis
751 2360 885 2440 precibus
914 2359 1104 2420 obturantur.
1126 2358 1205 2419 sonas

266 2471 334 2512 cum
354 2451 372 2512 ὲ
391 2469 496 2514 ventre
513 2453 571 2515 ceti
594 2451 613 2514 ai
632 2471 695 2533 quo
714 2452 871 2532 deglutitus
889 2468 954 2513 erat
972 2497 982 2526 ‚
1002 2450 1137 2513 exaudiri
1150 2467 1203 2512 uon

267 2539 440 2627 desperasset
457 2591 465 2619 ‚
486 2542 613 2626 egressus
626 2546 715 2616 inde,
741 2545 936 2626 propheticam
953 2544 989 2605 ad
1002 2544 1152 2605 Ninivitas
1168 2542 1210 2603 le··

268 2638 417 2716 gationem
434 2639 513 2720 ptius
527 2639 693 2699 inchoatam
711 2635 836 2699 feliciter
847 2634 982 2698 absolvit.
998 2635 1127 2717 Quanta
1138 2652 1205 2698 vero

268 2729 331 2789 sunt
349 2750 416 2812 quae
440 2728 631 2811 unusquisque
649 2728 779 2792 noslrtim
793 2728 814 2790 si
829 2728 921 2792 ntodo
935 2746 1025 2812 grato
1044 2731 1207 2792 animone·

172 2878 177 2891 ,
268 2840 334 2881 mur
346 2841 535 2903 acceptorum
549 2819 758 2884 beneficiorum
772 2823 872 2884 laudes
891 2822 961 2885 Deo
977 2841 1035 2904 pro
1046 2823 1093 2883 his
1105 2819 1208 2882 resette

268 2913 364 2988 velit,
378 2915 657 3000 poterirenarrare?
674 2915 789 2979 Animae
807 2917 884 2977 enim
903 2935 971 2996 quae
984 2915 1033 2974 diu
1052 2912 1114 2975 stne
1131 2912 1209 2995 prole

270 3008 454 3083 manserunt,
468 3008 646 3089 deprehensa
660 3009 725 3084 eius
740 3009 829 3094 partis
839 3007 991 3070 sterilitate
1002 3026 1070 3089 quae
1084 3010 1211 3090 princeps

270 3103 302 3163 in
317 3102 381 3186 ipsas
402 3099 458 3163 esse
473 3101 560 3164 debet
576 3148 585 3177 ,
607 3102 770 3184 mentisque
787 3102 914 3164 orbitate
928 3146 937 3173 ,
953 3101 971 3161 a
987 3099 1100 3181 Spiritu
1119 3097 1211 3161 lando

271 3214 325 3278 per
346 3194 480 3257 assiduam
503 3197 670 3258 orationem
691 3196 783 3257 veluti
803 3193 983 3276 gravidata,
1002 3189 1145 3255 salutares
1157 3190 1213 3253 ser·

271 3287 377 3350 mones
394 3285 579 3368 veritatisque
599 3289 771 3371 cognitione
795 3289 897 3369 plenos
918 3301 1108 3368 generarunt.
1127 3283 1214 3367 Quot

272 3381 363 3443 ctiam
381 3379 618 3462 oppugnantibus
632 3400 685 3442 nos
702 3376 775 3462 saepe
798 3380 894 3441 multis
914 3375 1047 3439 adversae
1065 3377 1217 3458 potestatis

273 3473 418 3549 millibus,
441 3473 598 3551 divinaque
626 3492 681 3534 nos
705 3472 831 3547 dejicere
862 3470 911 3556 spe
940 3471 1132 3543 volentibus,
1150 3467 1217 3533 hos·

274 3584 320 3629 res
333 3567 468 3650 prostrati
494 3563 781 3628 sunt?Conhdimus
799 3566 876 3627 enim
896 3565 963 3647 quia
979 3564 1008 3623 bi
1027 3565 1057 3621 in
1077 3564 1217 3637 curribus,

275 3661 346 3720 cali
369 3665 397 3722 t'n
416 3664 511 3744 equis,
527 3680 576 3718 nos
594 3679 680 3720 aurem
705 3662 733 3718 r'n
751 3661 852 3719 nomine
866 3659 980 3721 Domini
1003 3658 1060 3716 Dei
1079 3659 1158 3739 nassas
1177 3658 1220 3718 in·

275 3772 418 3817 vocantes
436 3756 568 3817 videmus
586 3753 656 3814 illud
674 3773 777 3815 vetum
793 3773 800 3810 :
817 3752 920 3811 Fallax
937 3772 1018 3831 equus
1039 3751 1077 3808 ad
1091 3750 1231 3830 satiatem·

275 3846 374 3909 Sed&
393 3849 551 3930 principem
568 3847 678 3908 militiae
691 3842 867 3918 adversarii,
886 3843 1016 3906 fallacem
1032 3841 1064 3903 δι
1078 3843 1219 3919 probabi·

275 3939 334 3998 lem
356 3937 521 4003 sermonem
538 3939 588 4022 qui
609 3940 707 4002 multis
719 3939 809 3999 etiam
822 3955 924 4000 eorum
941 3936 990 4018 qui
1008 3932 1158 3996 credidisse
1169 3953 1223 4016 pu·¹

276 4047 377 4092 tantur
389 4078 399 4107 ‚
412 4051 557 4094 terrorem
571 4030 664 4108 injicit
679 4079 688 4104 ,
703 4030 751 4093 ille
769 4029 884 4112 jugulat
897 4027 971 4111 saepe
983 4027 1034 4108 qui
1051 4026 1111 4088 Dei
1128 4027 1224 4087 laudi·

276 4124 331 4186 bus
355 4125 501 4200 confidit3
519 4123 619 4186 Iudith
641 4124 718 4186 enim
732 4123 848 4184 laudem
871 4124 1109 4203 interpretantur.
1129 4120 1223 4200 Quot

276 4218 339 4278 sunt
354 4218 480 4299 quicum
496 4220 526 4278 in
538 4217 716 4278 tentationes
726 4211 885 4278 incidissent
899 4212 1032 4295 superatu
1046 4210 1224 4274 difficiles&

275 4301 1225 4392 slammaqualibetardentiores‚nihilabipsispaffisunt‚sedillaesi

275 4403 430 4470 evaserunt
445 4404 586 4484 omnino,
600 4420 638 4467 ne
658 4401 780 4467 minimo
800 4400 916 4485 quidem
933 4400 969 4464 ab
994 4397 1091 4462 odore
1115 4394 1228 4460 inimici

689 4664 868 4841 “s
1043 4698 1124 4841 κ
